@misc{slit,
    title = {Stellarnet Inc: What is a spectrometer slit?},
    url = {https://www.stellarnet.us/what-is-a-spectrometer?},
    year = {2017},
    note = {Accessed May 18, 2019}}
}